@article{chafai-gozlan-zitt,
author = {Djalil Chafaï and Nathael Gozlan and Pierre-André Zitt},
title = {{First-order global asymptotics for confined particles with singular pair repulsion}},
volume = {24},
journal = {The Annals of Applied Probability},
number = {6},
publisher = {Institute of Mathematical Statistics},
pages = {2371 -- 2413},
keywords = {Coulomb interaction, Equilibrium measure, interacting particle systems, large deviations, Mean-field limit, potential theory, Riesz kernel},
year = {2014},
doi = {10.1214/13-AAP980},
URL = {https://doi.org/10.1214/13-AAP980}
}

@misc{serfaty2020,
  doi = {10.48550/ARXIV.2003.11704},
  
  url = {https://arxiv.org/abs/2003.11704},
  
  author = {Serfaty, Sylvia},
  
  keywords = {Mathematical Physics (math-ph), Probability (math.PR), FOS: Physical sciences, FOS: Physical sciences, FOS: Mathematics, FOS: Mathematics},
  
  title = {Gaussian Fluctuations and {F}ree {E}nergy {E}xpansion for {C}oulomb Gases at Any Temperature},
  
  publisher = {arXiv},
  
  year = {2020},
  
  copyright = {arXiv.org perpetual, non-exclusive license}
}


@book{saff-totik,
language = {eng},
publisher = {Springer},
series = {Grundlehren der mathematischen Wissenschaften},
title = {Logarithmic potentials with external fields  / Edward B. Saff, Vilmos Totik},
year = {1997},
author = {Saff Edward B.},
address = {Berlin New York},
booktitle = {Logarithmic potentials with external fields},
isbn = {3-540-57078-0},
keywords = {Potential theory (Mathematics)},
}

@misc{chafai-saff-womersley,
  doi = {10.48550/ARXIV.2206.04956},
  
  url = {https://arxiv.org/abs/2206.04956},
  
  author = {Chafaï, Djalil and Saff, Edward B. and Womersley, Robert S.},
  
  keywords = {Probability (math.PR), Mathematical Physics (math-ph), Classical Analysis and ODEs (math.CA), FOS: Mathematics, FOS: Mathematics, FOS: Physical sciences, FOS: Physical sciences, 31B10, 31A10, 44A20, 33C20},
  
  title = {Threshold condensation to singular support for a{R}iesz equilibrium problem},
  
  publisher = {arXiv},
  
  year = {2022},
  
  copyright = {Creative Commons Attribution 4.0 International}
}

@article{Lewin_2022,
	doi = {10.1063/5.0086835},
  
	url = {https://doi.org/10.1063%2F5.0086835},
  
	year = 2022,
	month = {jun},
  
	publisher = {{AIP} Publishing},
  
	volume = {63},
  
	number = {6},
  
	pages = {061101},
  
	author = {Mathieu Lewin},
  
	title = {Coulomb and {R}iesz gases: {T}he known and the unknown},
  
	journal = {Journal of Mathematical Physics}
}